%% This BibTeX bibliography file was created using BibDesk.
%% http://bibdesk.sourceforge.net/

%% Created for Parikshit Bajpai at 2018-10-09 00:40:07 -0400 


%% Saved with string encoding Unicode (UTF-8) 



@article{Lawson:1979aa,
	Author = {C. L. Lawson and R. J. Hanson and D. Kincaid and F. T. Krogh},
	Date-Added = {2018-10-09 00:38:20 -0400},
	Date-Modified = {2018-10-09 00:40:03 -0400},
	Journal = {ACM Transactions on Mathematical Softwares},
	Pages = {308--323},
	Title = {Basic linear algebra subprograms for Fortran usage},
	Volume = {5},
	Year = {1979}}

@article{Blackford:2002aa,
	Author = {L. S. Blackford and J. Demmel and J. Dongarra and I. Duff and S. Hammarling and G. Henry and M. Heroux and L. Kaufman and A. Lumsdaine and A. Petitet and R. Pozo and K. Remington and R. C. Whaley},
	Date-Added = {2018-10-09 00:30:47 -0400},
	Date-Modified = {2018-10-09 00:35:32 -0400},
	Journal = {ACM Transactions on Mathematical Softwares},
	Month = {June},
	Number = {2},
	Pages = {135--151},
	Title = {An Updated Set of Basic Linear Algebra Subprograms (BLAS)},
	Volume = {28},
	Year = {2002}}

@manual{Gfortran:2015aa,
	Date-Added = {2018-10-09 00:25:07 -0400},
	Date-Modified = {2018-10-09 00:27:25 -0400},
	Organization = {{Gfortran} Team},
	Title = {Using {GNU} Fortran},
	Year = {2015}}

@article{Bacon:1994aa,
	Author = {Bacon, David F. and Graham, Susan L. and Sharp, Oliver J.},
	Date-Added = {2018-10-09 00:10:14 -0400},
	Date-Modified = {2018-10-09 00:11:35 -0400},
	Journal = {ACM Computing Survey},
	Month = {December},
	Number = {4},
	Pages = {345--420},
	Title = {Compiler Transformations for High-performance Computing},
	Volume = {26},
	Year = {1994}}

@misc{Corporation:2018aa,
	Author = {Intel Corporation},
	Date-Added = {2018-10-08 23:08:19 -0400},
	Date-Modified = {2018-10-08 23:13:23 -0400},
	Title = {Intel Fortran Compiler 18.0 Developer Guide and Reference},
	Year = {2018}}

@misc{Board:2015aa,
	Author = {{OpenMP} Architecture Review Board},
	Date-Added = {2018-10-08 19:19:25 -0400},
	Date-Modified = {2018-10-08 20:26:35 -0400},
	Month = {November},
	Title = {{OpenMP} Application Program Interface Version 4.5},
	Year = {2015}}

@webpage{insidehpc:aa,
	Date-Added = {2018-10-08 17:10:24 -0400},
	Date-Modified = {2018-10-08 23:26:56 -0400},
	Lastchecked = {2018 October 5},
	Title = {What is High Performance Computing },
	Url = {https://insidehpc.com/hpc-basic-training/what-is-hpc/}}

@book{Hager:2010aa,
	Author = {Georg Hager and Gerhard Wellein},
	Date-Added = {2018-10-08 13:59:44 -0400},
	Date-Modified = {2018-10-08 17:15:29 -0400},
	Publisher = {CRC Press},
	Series = {Chapman \& Hall/CRC Computational Science},
	Title = {Introduction to High Performance Computing for Scientists and Engineers},
	Year = {2010}}

@book{Zuse:1993aa,
	Author = {Konrad Zuse},
	Date-Added = {2018-10-05 10:36:48 -0400},
	Date-Modified = {2018-10-05 10:38:47 -0400},
	Publisher = {Springer-Verlag Berlin Heidelberg},
	Title = {The Computer -- My Life},
	Year = {1993}}

@book{Rojas:2002aa,
	Date-Added = {2018-10-05 10:28:15 -0400},
	Date-Modified = {2018-10-05 10:33:51 -0400},
	Editor = {Ra{\'u}l Rojas and Ulf Hashagen},
	Publisher = {The MIT Press},
	Series = {History of Computing},
	Title = {The First Computers--History and Architectures},
	Year = {2002}}
